<?xml version="1.0" encoding="UTF-8"?><collection xmlns="http://www.loc.gov/MARC21/slim"><record><leader>00592nam--2200205-i-4500</leader><controlfield tag="001">000014569</controlfield><controlfield tag="002">20161230</controlfield><controlfield tag="005">20161230201030</controlfield><controlfield tag="008">060222s1000------------r-----000-0-eng-d</controlfield><datafield ind1=" " ind2=" " tag="040"><subfield code="a">IFIN-HH</subfield></datafield><datafield ind1=" " ind2=" " tag="080"><subfield code="a">537.533.35:535.82</subfield></datafield><datafield ind1="1" ind2=" " tag="100"><subfield code="a">Barer, R</subfield></datafield><datafield ind1="1" ind2="0" tag="245"><subfield code="a">Advances in optical and electron microscopy</subfield><subfield code="c">R. braer, v.e. cosslett (eds.)</subfield></datafield><datafield ind1=" " ind2=" " tag="260"><subfield code="a">London</subfield><subfield code="b">Academic Press</subfield></datafield><datafield ind1=" " ind2=" " tag="300"><subfield code="a">7 VOLUME</subfield></datafield><datafield ind1=" " ind2=" " tag="490"><subfield code="a">Advances In Optical And Electron Microscopy</subfield></datafield><datafield ind1="1" ind2=" " tag="700"><subfield code="a">Cosslett, V. E</subfield><subfield code="e">Ed</subfield></datafield><datafield ind1="1" ind2=" " tag="787"><subfield code="a">Volume 8</subfield><subfield code="d">1982</subfield><subfield code="h">281p</subfield></datafield><datafield ind1=" " ind2=" " tag="852"><subfield code="a">25050</subfield><subfield code="c">537.533.33</subfield></datafield><datafield ind1=" " ind2=" " tag="CAT"><subfield code="a">Sys</subfield><subfield code="c">20110902</subfield><subfield code="h">141000</subfield></datafield></record></collection>